% Bayesian 25 year review 

@article{ashby2006bayesian,
  title={Bayesian statistics in medicine: a 25 year review},
  author={Ashby, Deborah},
  journal={Statistics in medicine},
  volume={25},
  number={21},
  pages={3589--3631},
  year={2006},
  publisher={Wiley Online Library}
}