% Bayesian 25 year review 

@article{ashby2006bayesian,
  title={Bayesian statistics in medicine: a 25 year review},
  author={Ashby, Deborah},
  journal={Statistics in medicine},
  volume={25},
  number={21},
  pages={3589--3631},
  year={2006},
  publisher={Wiley Online Library}
}
@online{collegeScorecard,
  author = {U.S. Department of Education},
  title = {College Scorecard Data},
  year = 2016,
  url = {https://collegescorecard.ed.gov/data/},
}

% U.S. Department of Education
% -------------------------------------------------------------------------
@misc{Overview75:online,
author = {},
title = {Overview and Mission Statement | U.S. Department of Education},
howpublished = {http://www2.ed.gov/about/landing.jhtml},
month = {},
year = {},
note = {(Accessed on 10/18/2016)}
}

% Machine Learning Book 
@book{murphy2012machine,
  title={Machine learning: a probabilistic perspective},
  author={Murphy, Kevin P},
  year={2012},
  publisher={MIT press}
}
