% Bayesian 25 year review 

@article{ashby2006bayesian,
  title={Bayesian statistics in medicine: a 25 year review},
  author={Ashby, Deborah},
  journal={Statistics in medicine},
  volume={25},
  number={21},
  pages={3589--3631},
  year={2006},
  publisher={Wiley Online Library}
}
@online{collegeScorecard,
  author = {U.S. Department of Education},
  title = {College Scorecard Data},
  year = 2016,
  url = {https://collegescorecard.ed.gov/data/},
}

% U.S. Department of Education
% -------------------------------------------------------------------------
@misc{Overview75:online,
author = {},
title = {Overview and Mission Statement | U.S. Department of Education},
howpublished = {http://www2.ed.gov/about/landing.jhtml},
month = {},
year = {},
note = {(Accessed on 10/18/2016)}
}

% Awesome book 
@book{walpole1993probability,
  title={Probability and statistics for engineers and scientists},
  author={Walpole, Ronald E and Myers, Raymond H and Myers, Sharon L and Ye, Keying},
  volume={5},
  year={1993},
  publisher={Macmillan New York}
}

% Bayesian Credible Intervals 
@article{curran2005introduction,
  title={An introduction to Bayesian credible intervals for sampling error in DNA profiles},
  author={Curran, James M},
  journal={Law, Probability and Risk},
  volume={4},
  number={1-2},
  pages={115--126},
  year={2005},
  publisher={Oxford Univ Press}
}

% Machine Learning Book 
@book{murphy2012machine,
  title={Machine learning: a probabilistic perspective},
  author={Murphy, Kevin P},
  year={2012},
  publisher={MIT press}
}

% Unit Information Prior 
@article{kass1995reference,
  title={A reference Bayesian test for nested hypotheses and its relationship to the Schwarz criterion},
  author={Kass, Robert E and Wasserman, Larry},
  journal={Journal of the american statistical association},
  volume={90},
  number={431},
  pages={928--934},
  year={1995},
  publisher={Taylor \& Francis}
}

% (cook) Bruesch Pagan test 
@article{cook1983diagnostics,
  title={Diagnostics for heteroscedasticity in regression},
  author={Cook, R Dennis and Weisberg, Sanford},
  journal={Biometrika},
  volume={70},
  number={1},
  pages={1--10},
  year={1983},
  publisher={Biometrika Trust}
}

% Bruesch Pagan test 
@article{breusch1979simple,
  title={A simple test for heteroscedasticity and random coefficient variation},
  author={Breusch, Trevor S and Pagan, Adrian R},
  journal={Econometrica: Journal of the Econometric Society},
  pages={1287--1294},
  year={1979},
  publisher={JSTOR}
}



